<?xml version = "1.0" encoding = "UTF-8"?><OAI-PMH xmlns="http://www.openarchives.org/OAI/2.0/" xmlns:xsi="http://www.w3.org/2001/XMLSchema-instance" xsi:schemaLocation="http://www.openarchives.org/OAI/2.0/ http://www.openarchives.org/OAI/2.0/OAI-PMH.xsd"><ListRecords><record><header><identifier>aleph-publish:017358975</identifier></header><metadata><record xmlns="http://www.ddb.de/professionell/mabxml/mabxml-1.xsd"><leader>------M2.01200024------h</leader><controlfield tag="LDR">------M2.01200024------h</controlfield><controlfield tag="FMT">MH</controlfield><datafield tag="001" ind1="-" ind2="1"><subfield code="a">HT015842838</subfield></datafield><datafield tag="002" ind1="a" ind2="1"><subfield code="a">20090220</subfield></datafield><datafield tag="026" ind1="-" ind2="1"><subfield code="a">HBZHT015842838</subfield></datafield><controlfield tag="030">a|1uc||||||17</controlfield><datafield tag="036" ind1="a" ind2="1"><subfield code="a">DE</subfield></datafield><datafield tag="037" ind1="b" ind2="1"><subfield code="a">ger</subfield></datafield><controlfield tag="050">a|||||||||||||</controlfield><controlfield tag="051">at||||||</controlfield><datafield tag="070" ind1="-" ind2="1"><subfield code="a">61</subfield></datafield><datafield tag="078" ind1="n" ind2="1"><subfield code="a">NWBib-61</subfield></datafield><datafield tag="080" ind1="-" ind2="1"><subfield code="a">60</subfield></datafield><datafield tag="100" ind1="-" ind2="1"><subfield code="p">Schieffer, Rudolf</subfield><subfield code="d">1947-</subfield><subfield code="9">(DE-588)121910695</subfield></datafield><datafield tag="101" ind1="-" ind2="1"><subfield code="p">Schieffer, Rudolfus</subfield><subfield code="d">1947-</subfield></datafield><datafield tag="331" ind1="-" ind2="1"><subfield code="a">&lt;&lt;Die&gt;&gt; Salier in den Rheinlanden</subfield></datafield><datafield tag="359" ind1="-" ind2="1"><subfield code="a">Rudolf Schieffer</subfield></datafield><datafield tag="425" ind1="a" ind2="1"><subfield code="a">2008</subfield></datafield><datafield tag="590" ind1="-" ind2="1"><subfield code="a">&lt;&lt;Die&gt;&gt; Salier, das Reich und der Niederrhein</subfield></datafield><datafield tag="591" ind1="-" ind2="1"><subfield code="a">hrsg. von Tilman Struve</subfield></datafield><datafield tag="594" ind1="-" ind2="1"><subfield code="a">Köln [u.a.]</subfield></datafield><datafield tag="595" ind1="-" ind2="1"><subfield code="a">2008</subfield></datafield><datafield tag="596" ind1="-" ind2="1"><subfield code="a">S. 327-339</subfield></datafield><datafield tag="599" ind1="-" ind2="1"><subfield code="a">HT015620647</subfield></datafield><datafield tag="700" ind1="n" ind2="1"><subfield code="a">03</subfield></datafield><datafield tag="700" ind1="n" ind2="1"><subfield code="a">240000</subfield></datafield><datafield tag="902" ind1="-" ind2="1"><subfield code="p">Salier</subfield><subfield code="9">(DE-588)118750895</subfield></datafield><datafield tag="902" ind1="-" ind2="1"><subfield code="g">Rheinland</subfield><subfield code="9">(DE-588)4049788-4</subfield></datafield><datafield tag="902" ind1="-" ind2="1"><subfield code="z">Geschichte</subfield></datafield><datafield tag="903" ind1="-" ind2="1"><subfield code="a">213</subfield></datafield><controlfield tag="SYS">017358975</controlfield><datafield tag="952" ind1="-" ind2="1"><subfield code="p">Salier</subfield><subfield code="c">Dynastie : 990-1125</subfield></datafield><datafield tag="952" ind1="-" ind2="1"><subfield code="g">Rheinlande</subfield><subfield code="h">im engeren Sinn</subfield></datafield></record></metadata></record></ListRecords></OAI-PMH>